@article{ar:klein97,
author = {Morton Klein},
title = {A primal method for minimal cost flows, with applications to the assignment and transportation problems},
year = {1967}
}

@article{ar:goldberg-tarjan89,
author = {Goldberg, Andrew V. and Tarjan, Robert E.},
title = {Finding Minimum-cost Circulations by Canceling Negative Cycles},
journal = {J. ACM},
issue_date = {Oct. 1989},
volume = {36},
number = {4},
month = oct,
year = {1989},
issn = {0004-5411},
pages = {873--886},
numpages = {14},
url = {http://doi.acm.org/10.1145/76359.76368},
doi = {10.1145/76359.76368},
acmid = {76368},
publisher = {ACM},
address = {New York, NY, USA},
}

@article{ar:edmonds-karp72,
author = {Edmonds, Jack and Karp, Richard M.},
title = {Theoretical Improvements in Algorithmic Efficiency for Network Flow Problems},
journal = {J. ACM},
issue_date = {April 1972},
volume = {19},
number = {2},
month = apr,
year = {1972},
issn = {0004-5411},
pages = {248--264},
numpages = {17},
url = {http://doi.acm.org/10.1145/321694.321699},
doi = {10.1145/321694.321699},
acmid = {321699},
publisher = {ACM},
address = {New York, NY, USA},
}

@article{ar:goldberg-tarjan90,
author = {Goldberg, Andrew V. and Tarjan, Robert E.},
title = {Finding Minimum-Cost Circulations by Successive Approximation},
journal = {Math. Oper. Res.},
issue_date = {August 1990},
volume = {15},
number = {3},
month = aug,
year = {1990},
issn = {0364-765X},
pages = {430--466},
numpages = {37},
url = {http://dx.doi.org/10.1287/moor.15.3.430},
doi = {10.1287/moor.15.3.430},
acmid = {2772391},
publisher = {INFORMS},
address = {Institute for Operations Research and the Management Sciences (INFORMS), Linthicum, Maryland, USA},
keywords = {algorithms, computational complexity, minimum-cost circulation, networks},
}

@inproceedings{in:orlin96,
author = {Orlin, James B.},
title = {A Polynomial Time Primal Network Simplex Algorithm for Minimum Cost Flows},
booktitle = {Proceedings of the Seventh Annual ACM-SIAM Symposium on Discrete Algorithms},
series = {SODA '96},
year = {1996},
isbn = {0-89871-366-8},
location = {Atlanta, Georgia, USA},
pages = {474--481},
numpages = {8},
url = {http://dl.acm.org/citation.cfm?id=313852.314105},
acmid = {314105},
publisher = {Society for Industrial and Applied Mathematics},
address = {Philadelphia, PA, USA},
keywords = {Minimum cost flows, network simplex, polynomial time, premultipliers, simplex algorithm},
}